% This file was created with JabRef 2.6.
% Encoding: MacRoman

@ARTICLE{Bockman2010,
  author = {Alexander Bockman and Jonathan Botts and Ning Xiang},
  title = {Higher-order impedance boundary conditions for finite difference
	solutions to the wave equation.},
  journal = {The Journal of the Acoustical Society of America},
  year = {2010},
  volume = {127},
  pages = {1753}
}

@INPROCEEDINGS{Botts2013,
  author = {Jonathan Botts},
  title = {Nested sampling in practice},
  booktitle = {21st International Congress on Acoustics},
  year = {2013},
  address = {Montreal, Canada},
  month = {{June 2-7}},
  note = {(Invited)}
}

@MASTERSTHESIS{Botts2009a,
  author = {Jonathan Botts},
  title = {A Low-Frequency Investigation of Acoustically Coupled Spaces Using
	the Finite-Difference Time-Domain Method},
  school = {Rensselaer Polytechnic Institute},
  year = {2009},
  month = {August}
}

@INPROCEEDINGS{Botts2010a,
  author = {Jonathan Botts and Alexander Bockman and Ning Xiang},
  title = {On the selection and implementation of sources for finite-difference
	methods},
  booktitle = {Proceedings of the 20th International Congress on Acoustics},
  year = {2010},
  month = {August},
  organization = {International Congress on Acoustics}
}

@ARTICLE{Botts2012f,
  author = {Jonathan Botts and Samuel Clapp and Ning Xiang and Jonas Braasch},
  title = {Measuring and inferring the directional properties of the early room
	response},
  journal = {The Journal of the Acoustical Society of America},
  year = {2012},
  volume = {132},
  pages = {1912--1912},
  number = {3},
  note = {(Invited)},
  publisher = {ASA}
}

@CONFERENCE{Botts2010b,
  author = {Jonathan Botts and Peter D'Antonio and Ning Xiang},
  title = {On time-dependent properties of room responses to characterize scattering
	and diffusion.},
  booktitle = {The Journal of the Acoustical Society of America},
  year = {2010},
  volume = {128},
  pages = {2465},
  address = {Cancun},
  journal = {The Journal of the Acoustical Society of America}
}

@CONFERENCE{Botts2007,
  author = {Jonathan Botts and Luz DeAlba},
  title = {On the (weakly) sign-symmetric {P-matrix} completion problems},
  booktitle = {Meeting of the Iowa section of the Mathematics Association of America},
  year = {2007},
  address = {Des Moines}
}

@ARTICLE{Botts2013b,
  author = {Jonathan Botts and Jos\'e Escolano-Carrasco and Ning Xiang},
  title = {Design of {IIR} Filters With {Bayesian} Model Selection and Parameter
	Estimation},
  journal = {IEEE Transactions on Audio, Speech, and Language Processing},
  year = {2013},
  volume = {21},
  pages = {669-674},
  number = {3}
}

@ARTICLE{Botts2012a,
  author = {Jonathan Botts and Cameron Fackler and Ning Xiang},
  title = {On the design of filters for surface impedance representation in
	finite difference simulation},
  year = {2012},
  volume = {(in preparation)}
}

@ARTICLE{Botts2010,
  author = {Jonathan Botts and Philip Robinson and Hans-Elias de Bree and Ning
	Xiang},
  title = {Quantifying the diffuseness of a sound field using a combined pressure
	and particle velocity sensor.},
  journal = {The Journal of the Acoustical Society of America},
  year = {2010},
  volume = {127},
  pages = {1752-1752},
  number = {3},
  publisher = {ASA}
}

@ARTICLE{Botts2013c,
  author = {Jonathan Botts and Lauri Savioja},
  title = {Origin and control of unphysical solutions in room-acoustic finite
	difference simulations {(In Review)}}
}

@INPROCEEDINGS{Botts2013a,
  author = {Jonathan Botts and Lauri Savioja},
  title = {Integrating Finite Difference Schemes for Scalar and Vector Wave
	Equations},
  booktitle = {IEEE Int. Conf. Acoust., Speech, Signal Processing},
  year = {2013},
  address = {Vancouver, BC, Canada}
}

@INBOOK{Botts2009b,
  chapter = {Room Acoustics},
  title = {The Microflown E-book},
  year = {2009},
  editor = {Hans-Elias de Bree},
  author = {Jonathan Botts and Emiel Tijs and Hans-Elias de Bree}
}

@ARTICLE{Botts2012b,
  author = {Jonathan Botts and Ning Xiang},
  title = {{Bayesian} model-based filter design in acoustical signal processing
	applications},
  journal = {The Journal of the Acoustical Society of America},
  year = {2012},
  volume = {131},
  pages = {3349},
  number = {4},
  note = {(Invited)}
}

@INPROCEEDINGS{Botts2012c,
  author = {Jonathan Botts and Ning Xiang},
  title = {Bayesian filter design for time-domain impedance representation in
	acoustic finite difference methods},
  booktitle = {INTER-NOISE and NOISE-CON Congress and Conference Proceedings},
  year = {2012},
  number = {7},
  pages = {4190--4198},
  organization = {Institute of Noise Control Engineering}
}

@INPROCEEDINGS{Botts2012d,
  author = {Jonathan Botts and Ning Xiang},
  title = {Bayesian inference for acoustic impedance boundaries in room-acoustic
	finite difference time-domain modeling},
  booktitle = {Bayesian Inference and Maximum Entropy Methods in Science and Engineering},
  year = {2012},
  volume = {1443},
  pages = {306--313}
}

@ARTICLE{Botts2012h,
  author = {Jonathan Botts and Ning Xiang},
  title = {Bayesian filter design for time-domain impedance representation in
	acoustic finite difference methods},
  journal = {{INTER-NOISE} and {NOISE-CON} Congress and Conference Proceedings},
  year = {2012},
  volume = {2012},
  pages = {4190--4198},
  number = {7},
  publisher = {Institute of Noise Control Engineering}
}

@ARTICLE{Botts2011,
  author = {Jonathan Botts and Ning Xiang},
  title = {Bayesian Inference for Acoustic Impedance Boundaries in Room-Acoustic
	Finite Difference Time-Domain Modeling},
  journal = {Bayesian Inference and Maximum Entropy Methods in Science and Engineering},
  year = {2011},
  volume = {(in press)}
}

@CONFERENCE{Botts2011a,
  author = {Jonathan Botts and Ning Xiang},
  title = {{Bayesian} Inference for Acoustic Impedance Boundaries in Room-Acoustic
	Finite Difference Time-Domain Modeling},
  booktitle = {31st International workshop on Bayesian Inference and Maximum Entropy
	Methods in Science and Engineering.},
  year = {2011},
  address = {Waterloo, CA},
  month = {July},
  journal = {Bayesian Inference and Maximum Entropy Methods in Science and Engineering}
}

@ARTICLE{Botts2009,
  author = {Jonathan Botts and Ning Xiang},
  title = {An application of the finite difference time-domain method to the
	study of coupled volumes.},
  journal = {The Journal of the Acoustical Society of America},
  year = {2009},
  volume = {125},
  pages = {2735-2735},
  number = {4},
  publisher = {ASA}
}

@ARTICLE{Botts2012g,
  author = {Jonathan Botts and Ning Xiang and Todd Brooks},
  title = {Finite difference simulation methods as an educational tool},
  journal = {The Journal of the Acoustical Society of America},
  year = {2012},
  volume = {132},
  pages = {1879--1879},
  number = {3},
  note = {(Invited)},
  publisher = {ASA}
}

@ARTICLE{Botts2012,
  author = {Jonathan Botts and Ning Xiang and Jose Escolano},
  title = {Design of {IIR} filters with {Bayesian} model selection and parameter
	estimation},
  year = {2012}
}

@ARTICLE{Clapp2012,
  author = {Samuel Clapp and Jonathan Botts and Anne Guthrie and Ning Xiang and
	Jonas Braasch},
  title = {Using spherical microphone array beamforming and {Bayesian} inference
	to evaluate room acoustics},
  journal = {The Journal of the Acoustical Society of America},
  year = {2012},
  volume = {132},
  pages = {2058--2058},
  number = {3},
  note = {(Invited)}
}

@ARTICLE{Fackler2012,
  author = {Cameron Fackler and Jonathan Botts and Ning Xiang},
  title = {Parallelized finite difference time domain room acoustic simulation},
  journal = {The Journal of the Acoustical Society of America},
  year = {2012},
  volume = {132},
  pages = {1880--1880},
  number = {3}
}

@ARTICLE{Henderson2012a,
  author = {Wesley Henderson and Jonathan Botts and Ning Xiang},
  title = {Bayesian room-acoustic modal analysis},
  journal = {INTER-NOISE and NOISE-CON Congress and Conference Proceedings},
  year = {2012},
  volume = {2012},
  pages = {4038--4045},
  number = {7},
  publisher = {Institute of Noise Control Engineering}
}

@ARTICLE{Henderson2013,
  author = {Wesley Henderson and Paul Goggans and Ning Xiang and Jonathan Botts},
  title = {Bayesian Inference Approach to Room-Acoustics Modal Analysis},
  journal = {Bayesian Inference and Maximum Entropy Methods in Science and Engineering},
  year = {2013},
  owner = {jonathanbotts},
  timestamp = {2013.01.06}
}

@ARTICLE{Henderson2012,
  author = {Wesley Henderson and Ning Xiang and Jonathan Botts},
  title = {Evaluation of room-acoustic modal characteristics from single-point
	measurements using {Bayesian} analysis},
  journal = {The Journal of the Acoustical Society of America},
  year = {2012},
  volume = {132},
  pages = {2060--2060},
  number = {3},
  note = {(Invited)},
  publisher = {ASA}
}

@INPROCEEDINGS{Jasa2013,
  author = {Tomislav Jasa and Jonathan Botts and Ning Xiang},
  title = {Energy based {Markov chain Monte Carlo} algorithms for {Bayesian}
	model selection},
  booktitle = {21st International Congress on Acoustics},
  year = {2013},
  address = {Montreal, Canada},
  month = {{June 2-7}}
}

@INPROCEEDINGS{Luizard2013,
  author = {Paul Luizard and Makoto Otani and Jonathan Botts and Lauri Savioja
	and Brian Katz},
  title = {Comparison of sound field measurements and predictions in coupled
	volumes between numerical methods and scale model measurements},
  booktitle = {21st International Congress on Acoustics},
  year = {2013},
  address = {Montreal, Canada},
  month = {June 2-7}
}

@ARTICLE{Robinson2012,
  author = {Philip Robinson and Jonathan Botts},
  title = {{Sound and Signals} (Book Review)},
  journal = {The Journal of the Acoustical Society of America},
  year = {2012},
  volume = {132},
  pages = {1862-1862},
  number = {3},
  publisher = {ASA}
}

@INBOOK{Svensson2014,
  chapter = {Computational Modeling of Room Acoustics I: Wave-based modeling},
  title = {Handbook of Architectural Acoustics},
  publisher = {J. Ross Publishing},
  year = {2014 (to appear)},
  editor = {Ning Xiang},
  author = {U. Peter Svensson and Jonathan Botts and Lauri Savioja}
}

@INBOOK{Svensson2013,
  chapter = {Computational Modeling of Room Acoustics I: Wave-based modeling},
  year = {2013},
  editor = {Ning Xiang},
  author = {U. Peter Svensson and Jonathan Botts and Lauri Savioja}
}

@CONFERENCE{Tijs2009,
  author = {Emiel Tijs and Jonathan Botts and Hans-Elias de Bree and E. Arato.},
  title = {Acoustic particle velocity enabled methods to assess room acoustics},
  booktitle = {Euronoise},
  year = {2009},
  address = {Edinburgh}
}

@ARTICLE{Xiang2010,
  author = {Ning Xiang and Philip Robinson and Jonathan Botts},
  title = {Comment on ``Optimum absorption and aperture parameters for realistic
	coupled volume spaces determined from computational analysis and
	subjective testing results''},
  journal = {The Journal of the Acoustical Society of America},
  year = {2010},
  volume = {128},
  pages = {2539}
}

@comment{jabref-meta: selector_publisher:}

@comment{jabref-meta: selector_author:}

@comment{jabref-meta: selector_journal:}

@comment{jabref-meta: selector_keywords:}

